@PhdThesis{Ashkiani:2017:PAA,
  author =	 {Saman Ashkiani},
  title =	 {Parallel Algorithms and Dynamic Data Structures on
                  the Graphics Processing Unit: a warp-centric
                  approach},
  school =	 {Department of Electrical and Computer Engineering,
                  University of California, Davis},
  year =	 2017,
  month =	 dec,
  url =		 {https://escholarship.org/uc/item/5qd0r4ws},
}

@Article{Chen:2021:TGS,
  author =	 {Chen, Tingting and Chen, Xu and Zhang, Sisi and Zhu,
                  Junwei and Tang, Bixia and Wang, Anke and Dong, Lili
                  and Zhang, Zhewen and Yu, Caixia and Sun, Yanling
                  and Chi, Lianjiang and Chen, Huanxin and Zhai,
                  Shuang and Sun, Yubin and Lan, Li and Zhang, Xin and
                  Xiao, Jingfa and Bao, Yiming and Wang, Yanqing and
                  Zhang, Zhang and Zhao, Wenming},
  title =	 {The Genome Sequence Archive Family: Toward Explosive
                  Data Growth and Diverse Data Types},
  journal =	 {Genomics, Proteomics \& Bioinformatics},
  year =	 2021,
  volume =	 19,
  number =	 4,
  month =	 aug,
  pages =	 {578–583},
  issn =	 {2210-3244},
  doi =		 {10.1016/j.gpb.2021.08.001},
  publisher =	 {Oxford University Press (OUP)}
}

@Misc{DeGelas:2016:OUA,
  author =	 {Johan {De Gelas}},
  title =	 {{OpenCAPI} Unveiled: {AMD}, {IBM}, {G}oogle,
                  {X}ilinx, {M}icron and {M}ellanox Join Forces in the
                  Heterogenous Computing Era},
  howpublished = {AnandTech.
                  \url{https://www.anandtech.com/show/10759/opencapi-unveiled-amd-ibm-google-more}},
  month =	 "14~" # oct,
  year =	 2016
}

@article{Dubey:2024:TL3,
  author =	 {Abhimanyu Dubey AND Abhinav Jauhri AND Abhinav
                  Pandey AND Abhishek Kadian AND Ahmad Al-Dahle AND
                  Aiesha Letman AND Akhil Mathur AND Alan Schelten AND
                  Amy Yang AND Angela Fan AND Anirudh Goyal AND
                  Anthony Hartshorn AND Aobo Yang AND Archi Mitra AND
                  Archie Sravankumar AND Artem Korenev AND Arthur
                  Hinsvark AND Arun Rao AND Aston Zhang AND Aurelien
                  Rodriguez AND Austen Gregerson AND Ava Spataru AND
                  Baptiste Roziere AND Bethany Biron AND Binh Tang AND
                  Bobbie Chern AND Charlotte Caucheteux AND Chaya
                  Nayak AND Chloe Bi AND Chris Marra AND Chris
                  McConnell AND Christian Keller AND Christophe Touret
                  AND Chunyang Wu AND Corinne Wong AND Cristian Canton
                  Ferrer AND Cyrus Nikolaidis AND Damien Allonsius AND
                  Daniel Song AND Danielle Pintz AND Danny Livshits
                  AND David Esiobu AND Dhruv Choudhary AND Dhruv
                  Mahajan AND Diego Garcia-Olano AND Diego Perino AND
                  Dieuwke Hupkes AND Egor Lakomkin AND Ehab AlBadawy
                  AND Elina Lobanova AND Emily Dinan AND Eric Michael
                  Smith AND Filip Radenovic AND Frank Zhang AND
                  Gabriel Synnaeve AND Gabrielle Lee AND Georgia Lewis
                  Anderson AND Graeme Nail AND Gregoire Mialon AND
                  Guan Pang AND Guillem Cucurell AND Hailey Nguyen AND
                  Hannah Korevaar AND Hu Xu AND Hugo Touvron AND
                  Iliyan Zarov AND Imanol Arrieta Ibarra AND Isabel
                  Kloumann AND Ishan Misra AND Ivan Evtimov AND Jade
                  Copet AND Jaewon Lee AND Jan Geffert AND Jana Vranes
                  AND Jason Park AND Jay Mahadeokar AND Jeet Shah AND
                  Jelmer van der Linde AND Jennifer Billock AND Jenny
                  Hong AND Jenya Lee AND Jeremy Fu AND Jianfeng Chi
                  AND Jianyu Huang AND Jiawen Liu AND Jie Wang AND
                  Jiecao Yu AND Joanna Bitton AND Joe Spisak AND
                  Jongsoo Park AND Joseph Rocca AND Joshua Johnstun
                  AND Joshua Saxe AND Junteng Jia AND Kalyan Vasuden
                  Alwala AND Kartikeya Upasani AND Kate Plawiak AND Ke
                  Li AND Kenneth Heafield AND Kevin Stone AND Khalid
                  El-Arini AND Krithika Iyer AND Kshitiz Malik AND
                  Kuenley Chiu AND Kunal Bhalla AND Lauren
                  Rantala-Yeary AND Laurens van der Maaten AND
                  Lawrence Chen AND Liang Tan AND Liz Jenkins AND
                  Louis Martin AND Lovish Madaan AND Lubo Malo AND
                  Lukas Blecher AND Lukas Landzaat AND Luke de
                  Oliveira AND Madeline Muzzi AND Mahesh Pasupuleti
                  AND Mannat Singh AND Manohar Paluri AND Marcin
                  Kardas AND Mathew Oldham AND Mathieu Rita AND Maya
                  Pavlova AND Melanie Kambadur AND Mike Lewis AND Min
                  Si AND Mitesh Kumar Singh AND Mona Hassan AND Naman
                  Goyal AND Narjes Torabi AND Nikolay Bashlykov AND
                  Nikolay Bogoychev AND Niladri Chatterji AND Olivier
                  Duchenne AND Onur Çelebi AND Patrick Alrassy AND
                  Pengchuan Zhang AND Pengwei Li AND Petar Vasic AND
                  Peter Weng AND Prajjwal Bhargava AND Pratik Dubal
                  AND Praveen Krishnan AND Punit Singh Koura AND Puxin
                  Xu AND Qing He AND Qingxiao Dong AND Ragavan
                  Srinivasan AND Raj Ganapathy AND Ramon Calderer AND
                  Ricardo Silveira Cabral AND Robert Stojnic AND
                  Roberta Raileanu AND Rohit Girdhar AND Rohit Patel
                  AND Romain Sauvestre AND Ronnie Polidoro AND Roshan
                  Sumbaly AND Ross Taylor AND Ruan Silva AND Rui Hou
                  AND Rui Wang AND Saghar Hosseini AND Sahana
                  Chennabasappa AND Sanjay Singh AND Sean Bell AND
                  Seohyun Sonia Kim AND Sergey Edunov AND Shaoliang
                  Nie AND Sharan Narang AND Sharath Raparthy AND Sheng
                  Shen AND Shengye Wan AND Shruti Bhosale AND Shun
                  Zhang AND Simon Vandenhende AND Soumya Batra AND
                  Spencer Whitman AND Sten Sootla AND Stephane Collot
                  AND Suchin Gururangan AND Sydney Borodinsky AND
                  Tamar Herman AND Tara Fowler AND Tarek Sheasha AND
                  Thomas Georgiou AND Thomas Scialom AND Tobias
                  Speckbacher AND Todor Mihaylov AND Tong Xiao AND
                  Ujjwal Karn AND Vedanuj Goswami AND Vibhor Gupta AND
                  Vignesh Ramanathan AND Viktor Kerkez AND Vincent
                  Gonguet AND Virginie Do AND Vish Vogeti AND Vladan
                  Petrovic AND Weiwei Chu AND Wenhan Xiong AND Wenyin
                  Fu AND Whitney Meers AND Xavier Martinet AND
                  Xiaodong Wang AND Xiaoqing Ellen Tan AND Xinfeng Xie
                  AND Xuchao Jia AND Xuewei Wang AND Yaelle Goldschlag
                  AND Yashesh Gaur AND Yasmine Babaei AND Yi Wen AND
                  Yiwen Song AND Yuchen Zhang AND Yue Li AND Yuning
                  Mao AND Zacharie Delpierre Coudert AND Zheng Yan AND
                  Zhengxing Chen AND Zoe Papakipos AND Aaditya Singh
                  AND Aaron Grattafiori AND Abha Jain AND Adam Kelsey
                  AND Adam Shajnfeld AND Adithya Gangidi AND Adolfo
                  Victoria AND Ahuva Goldstand AND Ajay Menon AND Ajay
                  Sharma AND Alex Boesenberg AND Alex Vaughan AND
                  Alexei Baevski AND Allie Feinstein AND Amanda Kallet
                  AND Amit Sangani AND Anam Yunus AND Andrei Lupu AND
                  Andres Alvarado AND Andrew Caples AND Andrew Gu AND
                  Andrew Ho AND Andrew Poulton AND Andrew Ryan AND
                  Ankit Ramchandani AND Annie Franco AND Aparajita
                  Saraf AND Arkabandhu Chowdhury AND Ashley Gabriel
                  AND Ashwin Bharambe AND Assaf Eisenman AND Azadeh
                  Yazdan AND Beau James AND Ben Maurer AND Benjamin
                  Leonhardi AND Bernie Huang AND Beth Loyd AND Beto De
                  Paola AND Bhargavi Paranjape AND Bing Liu AND Bo Wu
                  AND Boyu Ni AND Braden Hancock AND Bram Wasti AND
                  Brandon Spence AND Brani Stojkovic AND Brian Gamido
                  AND Britt Montalvo AND Carl Parker AND Carly Burton
                  AND Catalina Mejia AND Changhan Wang AND Changkyu
                  Kim AND Chao Zhou AND Chester Hu AND Ching-Hsiang
                  Chu AND Chris Cai AND Chris Tindal AND Christoph
                  Feichtenhofer AND Damon Civin AND Dana Beaty AND
                  Daniel Kreymer AND Daniel Li AND Danny Wyatt AND
                  David Adkins AND David Xu AND Davide Testuggine AND
                  Delia David AND Devi Parikh AND Diana Liskovich AND
                  Didem Foss AND Dingkang Wang AND Duc Le AND Dustin
                  Holland AND Edward Dowling AND Eissa Jamil AND
                  Elaine Montgomery AND Eleonora Presani AND Emily
                  Hahn AND Emily Wood AND Erik Brinkman AND Esteban
                  Arcaute AND Evan Dunbar AND Evan Smothers AND Fei
                  Sun AND Felix Kreuk AND Feng Tian AND Firat Ozgenel
                  AND Francesco Caggioni AND Francisco Guzmán AND
                  Frank Kanayet AND Frank Seide AND Gabriela Medina
                  Florez AND Gabriella Schwarz AND Gada Badeer AND
                  Georgia Swee AND Gil Halpern AND Govind Thattai AND
                  Grant Herman AND Grigory Sizov AND Guangyi AND Zhang
                  AND Guna Lakshminarayanan AND Hamid Shojanazeri AND
                  Han Zou AND Hannah Wang AND Hanwen Zha AND Haroun
                  Habeeb AND Harrison Rudolph AND Helen Suk AND Henry
                  Aspegren AND Hunter Goldman AND Ibrahim Damlaj AND
                  Igor Molybog AND Igor Tufanov AND Irina-Elena
                  Veliche AND Itai Gat AND Jake Weissman AND James
                  Geboski AND James Kohli AND Japhet Asher AND
                  Jean-Baptiste Gaya AND Jeff Marcus AND Jeff Tang AND
                  Jennifer Chan AND Jenny Zhen AND Jeremy Reizenstein
                  AND Jeremy Teboul AND Jessica Zhong AND Jian Jin AND
                  Jingyi Yang AND Joe Cummings AND Jon Carvill AND Jon
                  Shepard AND Jonathan McPhie AND Jonathan Torres AND
                  Josh Ginsburg AND Junjie Wang AND Kai Wu AND Kam Hou
                  U AND Karan Saxena AND Karthik Prasad AND Kartikay
                  Khandelwal AND Katayoun Zand AND Kathy Matosich AND
                  Kaushik Veeraraghavan AND Kelly Michelena AND Keqian
                  Li AND Kun Huang AND Kunal Chawla AND Kushal
                  Lakhotia AND Kyle Huang AND Lailin Chen AND Lakshya
                  Garg AND Lavender A AND Leandro Silva AND Lee Bell
                  AND Lei Zhang AND Liangpeng Guo AND Licheng Yu AND
                  Liron Moshkovich AND Luca Wehrstedt AND Madian
                  Khabsa AND Manav Avalani AND Manish Bhatt AND Maria
                  Tsimpoukelli AND Martynas Mankus AND Matan Hasson
                  AND Matthew Lennie AND Matthias Reso AND Maxim
                  Groshev AND Maxim Naumov AND Maya Lathi AND Meghan
                  Keneally AND Michael L. Seltzer AND Michal Valko AND
                  Michelle Restrepo AND Mihir Patel AND Mik Vyatskov
                  AND Mikayel Samvelyan AND Mike Clark AND Mike Macey
                  AND Mike Wang AND Miquel Jubert Hermoso AND Mo
                  Metanat AND Mohammad Rastegari AND Munish Bansal AND
                  Nandhini Santhanam AND Natascha Parks AND Natasha
                  White AND Navyata Bawa AND Nayan Singhal AND Nick
                  Egebo AND Nicolas Usunier AND Nikolay Pavlovich
                  Laptev AND Ning Dong AND Ning Zhang AND Norman Cheng
                  AND Oleg Chernoguz AND Olivia Hart AND Omkar
                  Salpekar AND Ozlem Kalinli AND Parkin Kent AND Parth
                  Parekh AND Paul Saab AND Pavan Balaji AND Pedro
                  Rittner AND Philip Bontrager AND Pierre Roux AND
                  Piotr Dollar AND Polina Zvyagina AND Prashant
                  Ratanchandani AND Pritish Yuvraj AND Qian Liang AND
                  Rachad Alao AND Rachel Rodriguez AND Rafi Ayub AND
                  Raghotham Murthy AND Raghu Nayani AND Rahul Mitra
                  AND Raymond Li AND Rebekkah Hogan AND Robin Battey
                  AND Rocky Wang AND Rohan Maheswari AND Russ Howes
                  AND Ruty Rinott AND Sai Jayesh Bondu AND Samyak
                  Datta AND Sara Chugh AND Sara Hunt AND Sargun
                  Dhillon AND Sasha Sidorov AND Satadru Pan AND
                  Saurabh Verma AND Seiji Yamamoto AND Sharadh
                  Ramaswamy AND Shaun Lindsay AND Shaun Lindsay AND
                  Sheng Feng AND Shenghao Lin AND Shengxin Cindy Zha
                  AND Shiva Shankar AND Shuqiang Zhang AND Shuqiang
                  Zhang AND Sinong Wang AND Sneha Agarwal AND Soji
                  Sajuyigbe AND Soumith Chintala AND Stephanie Max AND
                  Stephen Chen AND Steve Kehoe AND Steve Satterfield
                  AND Sudarshan Govindaprasad AND Sumit Gupta AND
                  Sungmin Cho AND Sunny Virk AND Suraj Subramanian AND
                  Sy Choudhury AND Sydney Goldman AND Tal Remez AND
                  Tamar Glaser AND Tamara Best AND Thilo Kohler AND
                  Thomas Robinson AND Tianhe Li AND Tianjun Zhang AND
                  Tim Matthews AND Timothy Chou AND Tzook Shaked AND
                  Varun Vontimitta AND Victoria Ajayi AND Victoria
                  Montanez AND Vijai Mohan AND Vinay Satish Kumar AND
                  Vishal Mangla AND Vítor Albiero AND Vlad Ionescu AND
                  Vlad Poenaru AND Vlad Tiberiu Mihailescu AND
                  Vladimir Ivanov AND Wei Li AND Wenchen Wang AND
                  Wenwen Jiang AND Wes Bouaziz AND Will Constable AND
                  Xiaocheng Tang AND Xiaofang Wang AND Xiaojian Wu AND
                  Xiaolan Wang AND Xide Xia AND Xilun Wu AND Xinbo Gao
                  AND Yanjun Chen AND Ye Hu AND Ye Jia AND Ye Qi AND
                  Yenda Li AND Yilin Zhang AND Ying Zhang AND Yossi
                  Adi AND Youngjin Nam AND Yu AND Wang AND Yuchen Hao
                  AND Yundi Qian AND Yuzi He AND Zach Rait AND Zachary
                  DeVito AND Zef Rosnbrick AND Zhaoduo Wen AND Zhenyu
                  Yang AND Zhiwei Zhao},
  journal =	 {CoRR},
  volume =	 {abs/2407.21783},
  title =	 {The {L}lama 3 Herd of Models},
  year =	 2024,
  month =	 aug,
  eprint =	 {2407.21783v2},
  primaryclass = {cs.AI},
  archiveprefix ={arXiv},
  doi =		 {10.48550/arXiv.2407.21783},
}

@Article{Krasilnikova:2022:DDD,
  author =	 {Lydia Krasilnikova},
  title =	 {``Data, data, data''},
  journal =	 {MIT News},
  year =	 2022,
  month =	 jul # "\slash " # aug,
  pages =	 {12--19},
  url =
                  {https://www.technologyreview.com/2022/06/29/1053272/data-data-data/},
}

@inproceedings{Li:2021:DDH,
  author =	 {Li, Yuchen and Zhu, Qiwei and Lyu, Zheng and Huang,
                  Zhongdong and Sun, Jianling},
  title =	 {{DyCuckoo}: Dynamic Hash Tables on {GPUs}},
  booktitle =	 {Proceedings of the IEEE 37th International
                  Conference on Data Engineering},
  series =	 {ICDE 2021},
  year =	 2021,
  month =	 apr,
  doi =		 {10.1109/icde51399.2021.00070},
  pages =	 {744--755},
  publisher =	 {IEEE}
}

@Misc{Luehr:2016:FMC,
  author =	 {Nathan Luehr},
  title =	 {Fast Multi-{GPU} collectives with {NCCL}},
  howpublished = {NVIDIA Developer Blog.
                  \url{https://developer.nvidia.com/blog/fast-multi-gpu-collectives-nccl/}},
  month =	 "7~" # apr,
  year =	 2016
}

@Article{Zhou:2021:DAD,
  author =	 {Zhou, Hao and Troendle, David and Jang, Byunghyun},
  title =	 {{DACHash}: A Dynamic, Cache-Aware and Concurrent
                  Hash Table on {GPU}s},
  journal =	 {2021 IEEE 33rd International Symposium on Computer
                  Architecture and High Performance Computing},
  series =	 {IEEE SBAC-PAD 2021},
  year =	 2021,
  month =	 oct,
  pages =	 {1--10},
  doi =		 {10.1109/sbac-pad53543.2021.00012},
  publisher =	 {IEEE}
}

@misc{top500:jun2024,
  author =	 {top500.org},
  title =	 {{TOP500} List},
  note =
                  {\url{https://www.top500.org/lists/top500/list/2024/06/}},
  month =	 nov,
  year =	 2022,
}

@misc{top500:nov2022,
  author =	 {top500.org},
  title =	 {{TOP500} List},
  note =
                  {\url{https://www.top500.org/lists/top500/list/2022/11/}},
  month =	 nov,
  year =	 2022,
}
