@inproceedings{KarsinWeCa18,
  author    = {Ben Karsin and
               Volker Weichert and
               Henri Casanova and
               John Iacono and
               Nodari Sitchinava},
  title     = {Analysis-driven Engineering of Comparison-based Sorting Algorithms
               on GPUs},
  booktitle = {Proceedings of the 32nd International Conference on Supercomputing (ICS)},
  pages     = {86--95},
  year      = {2018},
  url       = {https://doi.org/10.1145/3205289.3205298},
  doi       = {10.1145/3205289.3205298},
  timestamp = {Wed, 21 Nov 2018 12:44:01 +0100},
  biburl    = {https://dblp.org/rec/conf/ics/KarsinWCIS18.bib},
  bibsource = {dblp computer science bibliography, https://dblp.org}
}


@article{CasanovaIaKa17,
  author    = {Henri Casanova and
               John Iacono and
               Ben Karsin and
               Nodari Sitchinava and
               Volker Weichert},
  title     = {An Efficient Multiway Mergesort for {GPU} Architectures},
  journal   = {CoRR},
  volume    = {abs/1702.07961},
  year      = {2017},
  url       = {http://arxiv.org/abs/1702.07961},
  eprinttype = {arXiv},
  eprint    = {1702.07961},
  timestamp = {Tue, 17 Sep 2019 14:15:16 +0200},
  biburl    = {https://dblp.org/rec/journals/corr/CasanovaIKSW17.bib},
  bibsource = {dblp computer science bibliography, https://dblp.org}
}
