%% This BibTeX bibliography file was created using BibDesk.
%% http://bibdesk.sourceforge.net/


%% Created for Michael Bender at 2023-01-08 13:46:04 -0500 


%% Saved with string encoding Unicode (UTF-8) 



@inproceedings{MaChAa14b,
	author = {Lin Ma and Roger D. Chamberlain and Kunal Agrawal},
	bibsource = {dblp computer science bibliography, https://dblp.org},
	biburl = {https://dblp.org/rec/conf/hpcs/MaCA14.bib},
	booktitle = {International Conference on High Performance Computing {\&} Simulation, {HPCS} 2014, Bologna, Italy, 21-25 July, 2014},
	doi = {10.1109/HPCSim.2014.6903670},
	pages = {65--73},
	publisher = {{IEEE}},
	timestamp = {Wed, 15 Jul 2020 08:00:44 +0200},
	title = {Analysis of classic algorithms on GPUs},
	url = {https://doi.org/10.1109/HPCSim.2014.6903670},
	year = {2014},
	bdsk-url-1 = {https://doi.org/10.1109/HPCSim.2014.6903670}}

@inproceedings{MaChAg14a,
	author = {Lin Ma and Roger D. Chamberlain and Kunal Agrawal},
	bibsource = {dblp computer science bibliography, https://dblp.org},
	biburl = {https://dblp.org/rec/conf/asap/MaCA14.bib},
	booktitle = {{IEEE} 25th International Conference on Application-Specific Systems, Architectures and Processors (ASAP)},
	doi = {10.1109/ASAP.2014.6868641},
	pages = {84--91},
	timestamp = {Wed, 15 Jul 2020 08:00:41 +0200},
	title = {Performance modeling for highly-threaded many-core GPUs},
	url = {https://doi.org/10.1109/ASAP.2014.6868641},
	year = {2014},
	bdsk-url-1 = {https://doi.org/10.1109/ASAP.2014.6868641}}

@inproceedings{KarsinWeCa18,
	author = {Ben Karsin and Volker Weichert and Henri Casanova and John Iacono and Nodari Sitchinava},
	bibsource = {dblp computer science bibliography, https://dblp.org},
	biburl = {https://dblp.org/rec/conf/ics/KarsinWCIS18.bib},
	booktitle = {Proceedings of the 32nd International Conference on Supercomputing (ICS)},
	doi = {10.1145/3205289.3205298},
	pages = {86--95},
	timestamp = {Wed, 21 Nov 2018 12:44:01 +0100},
	title = {Analysis-driven Engineering of Comparison-based Sorting Algorithms on GPUs},
	url = {https://doi.org/10.1145/3205289.3205298},
	year = {2018},
	bdsk-url-1 = {https://doi.org/10.1145/3205289.3205298}}

@article{CasanovaIaKa17,
	author = {Henri Casanova and John Iacono and Ben Karsin and Nodari Sitchinava and Volker Weichert},
	bibsource = {dblp computer science bibliography, https://dblp.org},
	biburl = {https://dblp.org/rec/journals/corr/CasanovaIKSW17.bib},
	eprint = {1702.07961},
	eprinttype = {arXiv},
	journal = {CoRR},
	timestamp = {Tue, 17 Sep 2019 14:15:16 +0200},
	title = {An Efficient Multiway Mergesort for {GPU} Architectures},
	url = {http://arxiv.org/abs/1702.07961},
	volume = {abs/1702.07961},
	year = {2017},
	bdsk-url-1 = {http://arxiv.org/abs/1702.07961}}

@article{SitchinavaWe13,
	author = {Nodari Sitchinava and Volker Weichert},
	bibsource = {dblp computer science bibliography, https://dblp.org},
	biburl = {https://dblp.org/rec/journals/corr/SitchinavaW13.bib},
	eprint = {1306.5076},
	eprinttype = {arXiv},
	journal = {CoRR},
	timestamp = {Mon, 13 Aug 2018 16:48:37 +0200},
	title = {Provably Efficient {GPU} Algorithms},
	url = {http://arxiv.org/abs/1306.5076},
	volume = {abs/1306.5076},
	year = {2013},
	bdsk-url-1 = {http://arxiv.org/abs/1306.5076}}
