@article{kodama2012sequence,
  title={The Sequence Read Archive: explosive growth of sequencing data},
  author={Kodama, Yuichi and Shumway, Martin and Leinonen, Rasko},
  journal={Nucleic acids research},
  volume={40},
  number={D1},
  pages={D54--D56},
  year={2012},
  publisher={Oxford University Press}
}

@article{wood2014kraken,
  title={Kraken: ultrafast metagenomic sequence classification using exact alignments},
  author={Wood, Derrick E and Salzberg, Steven L},
  journal={Genome biology},
  volume={15},
  number={3},
  pages={1--12},
  year={2014},
  publisher={BioMed Central}
}

@article{computational2018computational,
  title={Computational pan-genomics: status, promises and challenges},
  journal={Briefings in bioinformatics},
  volume={19},
  number={1},
  pages={118--135},
  year={2018},
  publisher={Oxford University Press}
}

@inproceedings{ferragina2000opportunistic,
  title={Opportunistic data structures with applications},
  author={Ferragina, Paolo and Manzini, Giovanni},
  booktitle={Proceedings 41st annual symposium on foundations of computer science},
  pages={390--398},
  year={2000},
  organization={IEEE}
}

@inproceedings{burrows1994block,
  title={A block-sorting lossless data compression algorithm},
  author={Burrows, Michael and Wheeler, David},
  booktitle={Digital SRC Research Report},
  year={1994},
  organization={Citeseer}
}

@inproceedings{grossi2000compressed,
  title={Compressed suffix arrays and suffix trees with applications to text indexing and string matching},
  author={Grossi, Roberto and Vitter, Jeffrey Scott},
  booktitle={Proceedings of the thirty-second annual ACM symposium on Theory of computing},
  pages={397--406},
  year={2000}
}

@article{wood2019improved,
  title={Improved metagenomic analysis with Kraken 2},
  author={Wood, Derrick E and Lu, Jennifer and Langmead, Ben},
  journal={Genome biology},
  volume={20},
  number={1},
  pages={1--13},
  year={2019},
  publisher={Springer}
}

@article{roberts2004reducing,
  title={Reducing storage requirements for biological sequence comparison},
  author={Roberts, Michael and Hayes, Wayne and Hunt, Brian R and Mount, Stephen M and Yorke, James A},
  journal={Bioinformatics},
  volume={20},
  number={18},
  pages={3363--3369},
  year={2004},
  publisher={Oxford University Press}
}

@article{garrison2018variation,
  title={Variation graph toolkit improves read mapping by representing genetic variation in the reference},
  author={Garrison, Erik and Sir{\'e}n, Jouni and Novak, Adam M and Hickey, Glenn and Eizenga, Jordan M and Dawson, Eric T and Jones, William and Garg, Shilpa and Markello, Charles and Lin, Michael F and others},
  journal={Nature biotechnology},
  volume={36},
  number={9},
  pages={875--879},
  year={2018},
  publisher={Nature Publishing Group}
}

@article{leiserson2020there,
  title={There’s plenty of room at the Top: What will drive computer performance after Moore’s law?},
  author={Leiserson, Charles E and Thompson, Neil C and Emer, Joel S and Kuszmaul, Bradley C and Lampson, Butler W and Sanchez, Daniel and Schardl, Tao B},
  journal={Science},
  volume={368},
  number={6495},
  pages={eaam9744},
  year={2020},
  publisher={American Association for the Advancement of Science}
}

@inproceedings{nisa2021distributed,
  title={Distributed-Memory k-mer Counting on GPUs},
  author={Nisa, Israt and Pandey, Prashant and Ellis, Marquita and Oliker, Leonid and Bulu{\c{c}}, Ayd{\i}n and Yelick, Katherine},
  booktitle={2021 IEEE International Parallel and Distributed Processing Symposium (IPDPS)},
  pages={527--536},
  year={2021},
  organization={IEEE}
}

@inproceedings{awan2021accelerating,
  title={Accelerating large scale de novo metagenome assembly using GPUs},
  author={Awan, Muaaz Gul and Hofmeyr, Steven and Egan, Rob and Ding, Nan and Buluc, Aydin and Deslippe, Jack and Oliker, Leonid and Yelick, Katherine},
  booktitle={Proceedings of the International Conference for High Performance Computing, Networking, Storage and Analysis},
  pages={1--11},
  year={2021}
}