@Misc{DeGelas:2016:OUA,
  author = 	 {Johan {De Gelas}},
  title = 	 {{OpenCAPI} Unveiled: {AMD}, {IBM}, {G}oogle, {X}ilinx, {M}icron and {M}ellanox Join Forces in the Heterogenous Computing Era},

  howpublished = {AnandTech. \url{https://www.anandtech.com/show/10759/opencapi-unveiled-amd-ibm-google-more}},
  month         = "14~"  # oct,
  year = 	 2016
}

@Misc{Luehr:2016:FMC,
  author = 	 {Nathan Luehr},
  title = 	 {Fast Multi-{GPU} collectives with {NCCL}},

  howpublished = {NVIDIA Developer Blog. \url{https://developer.nvidia.com/blog/fast-multi-gpu-collectives-nccl/}},
  month         = "7~"  # apr,
  year = 	 2016
}

@misc{top500:nov2022,
  author = 	 {top500.org},
  title = 	 {{TOP500} List},
  note =          {\url{https://www.top500.org/lists/top500/list/2022/11/}},
  month=nov,
  year = 	 {2022},
}
