@PhdThesis{Ashkiani:2017:PAA,
  author = 	 {Saman Ashkiani},
  title = 	 {Parallel Algorithms and Dynamic Data Structures on the Graphics Processing Unit: a warp-centric approach},
  school = 	 {Department of Electrical and Computer Engineering, University of California, Davis},
  year = 	 2017,
  month = 	 dec,
  url =          {https://escholarship.org/uc/item/5qd0r4ws},
}

@Misc{DeGelas:2016:OUA,
  author = 	 {Johan {De Gelas}},
  title = 	 {{OpenCAPI} Unveiled: {AMD}, {IBM}, {G}oogle, {X}ilinx, {M}icron and {M}ellanox Join Forces in the Heterogenous Computing Era},

  howpublished = {AnandTech. \url{https://www.anandtech.com/show/10759/opencapi-unveiled-amd-ibm-google-more}},
  month         = "14~"  # oct,
  year = 	 2016
}

@Article{Krasilnikova:2022:DDD,
  author = 	 {Lydia Krasilnikova},
  title = 	 {``Data, data, data''},
  journal = 	 {MIT News},
  year = 	 2022,
  month         = jul # "\slash " # aug,
  pages = {12--19},
  url = {https://www.technologyreview.com/2022/06/29/1053272/data-data-data/},
}

@Misc{Luehr:2016:FMC,
  author = 	 {Nathan Luehr},
  title = 	 {Fast Multi-{GPU} collectives with {NCCL}},

  howpublished = {NVIDIA Developer Blog. \url{https://developer.nvidia.com/blog/fast-multi-gpu-collectives-nccl/}},
  month         = "7~"  # apr,
  year = 	 2016
}

@misc{top500:nov2022,
  author = 	 {top500.org},
  title = 	 {{TOP500} List},
  note =          {\url{https://www.top500.org/lists/top500/list/2022/11/}},
  month=nov,
  year = 	 {2022},
}

@inproceedings{Li:2021:DDH,
  author       = {Li, Yuchen and Zhu, Qiwei and Lyu, Zheng and Huang,
                  Zhongdong and Sun, Jianling},
  title	       = {{DyCuckoo}: Dynamic Hash Tables on {GPUs}},
  booktitle      = {Proceedings of the IEEE 37th International Conference on Data
                  Engineering},
		  series = {ICDE 2021},
  year	       = 2021,
  month	       = apr,
  doi	       = {10.1109/icde51399.2021.00070},
  pages = {744--755},
  publisher    = {IEEE}
}

@Article{Zhou:2021:DAD,
  author       = {Zhou, Hao and Troendle, David and Jang, Byunghyun},
  title	       = {{DACHash}: A Dynamic, Cache-Aware and Concurrent Hash
                  Table on {GPU}s},
  journal      = {2021 IEEE 33rd International Symposium on Computer
                  Architecture and High Performance Computing},

series ={IEEE SBAC-PAD 2021},
  year	       = 2021,
  month	       = oct,
  pages = {1--10},
  doi	       = {10.1109/sbac-pad53543.2021.00012},
  publisher    = {IEEE}
}
